@article{fermi,
    title={The ionization loss of energy in gases and in condensed materials},
    author={Fermi, Enrico},
    journal={Physical Review},
    volume={57},
    number={6},
    pages={485},
    year={1940},
    publisher={APS},
}

@online{Jens,
    author = {Andreasson, Jens},
    title = {Webbserverprogrammering med Node och Express},
    url = {https://jens-andreasson.gitbook.io/webbserverprogrammering/webbserver/node-introduktion},
    urldate = {2021-09-03},
}

@book{Fraenkel,
    author={Fraenkel, Lars and Gottfridsson, Daniel and Jonasson, Ulf},
    title={Impuls Fysik. 1},
    publisher={Gleerups},
    address={Malm{\"o}},
    year={2011},
    edition={1. uppl., 2. tr.},
    ISBN={9140674150},
    keywords={Fysik},
}

@online{webbriktlinjer,
    author = {Myndigheten för digital förvaltning},
    title = {Vägledning för webbutveckling},
    date = {2023-11-15},
    url = {https://webbriktlinjer.se/?page_id=14684},
}
@online{W3C,
    author = {W3C},
    title = {About us},
    date = {2024-02-28},
    url = {https://www.w3.org/about/},
}
@online{WCAG_2.2,
    author = {W3C},
    title = {Web Content Accessibility Guidelines (WCAG) 2.2},
    date = {2024-02-28},
    url = {https://www.w3.org/TR/WCAG22/},
}
@online{Dos-lagen,
    author = {Finansdepartementet DOF},
    title = {Lagen om tillgänglighet till digital offentlig service},
    date = {2018-11-22},
    urldate = {2024-02-28},
    url = {https://www.riksdagen.se/sv/dokument-och-lagar/dokument/svensk-forfattningssamling/lag-20181937-om-tillganglighet-till-digital_sfs-2018-1937/},
}
@online{Om_Dos-lage,
    author = {Myndigheten för digital förvaltning},
    title = {Om lagen om tillgänglighet till digital offentlig service},
    date = {2024-02-28},
    url = {https://www.digg.se/analys-och-uppfoljning/lagen-om-tillganglighet-till-digital-offentlig-service-dos-lagen/om-lagen},
}
@online{Utförande_av_Dos_lagen,
    author = {Myndigheten för digital förvaltning},
    title = {Hur Dos-lagen genomförs},
    date = {2024-02-28},
    url = {https://www.digg.se/kunskap-och-stod/digital-tillganglighet/tillsynsmanual-for-granskning-av-webbsidor#h-Touchskarmarmobilaenheterochpekare},
}
@online{Sorsele_kommun,
    author = {author},
    title = {Sorsele kommun},
    date = {2024-02-10},
    url = {https://www.sorsele.se/kommun/},
}
@online{Höörs_kommun,
    author = {author},
    title = {Höörs kommun},
    date = {2024-02-11},
    url = {https://www.hoor.se/},
}
@online{Linköpings_kommun,
    author = {author},
    title = {Linköpings kommun},
    date = {2024-02-13},
    url = {https://www.linkoping.se/},
}
@online{SverigesKommuner,
    author = {Årsunda Webbinvest AB},
    title = {Sveriges befolkning},
    date = {2024-02-28},
    url = {https://sverigeskommuner.net/befolkning},
}
@online{HTML,
    author = {MDM contributurs},
    title = {HTML: HyperText Markup Language},
    date = {18/07 2023},
    url = {https://developer.mozilla.org/en-US/docs/Web/HTML},
}
@online{CSS,
    author = {MDM contributurs},
    title = {CSS: Cascading Style Sheets},
    date = {2024-01-30},
    url = {https://developer.mozilla.org/en-US/docs/Web/CSS},
}